@article{IsItWorth,
title = {Is it worth adopting DevOps practices in Global Software Engineering? Possible challenges and benefits},
journal = {Computer Standards & Interfaces},
volume = {87},
note= {Art. no. 103767},
year = {2024},
month=Jan,
doi = {10.1016/j.csi.2023.103767},
url = {https://www.sciencedirect.com/science/article/pii/S092054892300048X},
author = {Rubén Grande and Aurora Vizcaíno and Félix O. García},
addendum={Accessed: 29 Mar., 2024}
}

@article{HarmonizingTaxonomies,
title = {Harmonizing DevOps taxonomies — A grounded theory study},
journal = {Journal of Systems and Software},
volume = {208},
note= {Art. no. 111908},
year = {2024},
month=Feb,
doi = {10.1016/j.jss.2023.111908},
url = {https://www.sciencedirect.com/science/article/pii/S0164121223003035},
author = {Jessica Díaz and others},
addendum={Accessed: 29 Mar., 2024}
}

@article{DevOpsSuccess,
title = {DevOps critical success factors — A systematic literature review},
journal = {Information and Software Technology},
volume = {157},
note= {Art. no. 107150},
year = {2023},
month=May,
doi = {10.1016/j.infsof.2023.107150},
url = {https://www.sciencedirect.com/science/article/pii/S0950584923000046},
author = {Nasreen Azad and Sami Hyrynsalmi},
addendum={Accessed: 30 Mar., 2024}
}

@article{AdoptingDevOps,
title = {Adopting DevOps in the real world: A theory, a model, and a case study},
journal = {Journal of Systems and Software},
volume = {157},
note= {Art. no. 110384},
year = {2019},
month=Nov,
doi = {10.1016/j.jss.2019.07.083},
url = {https://www.sciencedirect.com/science/article/pii/S0164121219301517},
author = {Welder Pinheiro Luz and Gustavo Pinto and Rodrigo Bonifácio},
addendum={Accessed: 31 Mar., 2024}
}

@article{AnomalyDetection,
title = {Towards optimization of anomaly detection in DevOps},
journal = {Information and Software Technology},
volume = {160},
note= {Art. no. 107241},
year = {2023},
month=Aug,
doi = {10.1016/j.infsof.2023.107241},
url = {https://www.sciencedirect.com/science/article/pii/S0950584923000952},
author = {Adha Hrusto and Emelie Engström and Per Runeson},
addendum={Accessed: 28 Mar., 2024}
}
